%% Journal article
@inproceedings{chen2018,
  title={What about mood swings: Identifying depression on twitter with temporal measures of emotions},
  author={Chen, Xuetong and Sykora, Martin D and Jackson, Thomas W and Elayan, Suzanne},
  booktitle={Companion proceedings of the the web conference 2018},
  pages={1653--1660},
  year={2018}
}
@misc{singh2022startling,
  title={Startling suicide statistics in India: Time for urgent action},
  author={Singh, Om P},
  journal={Indian journal of psychiatry},
  volume={64},
  number={5},
  pages={431--432},
  year={2022},
  publisher={Medknow}
}
@article{mcgirr2007examination,
  title={An examination of DSM-IV depressive symptoms and risk for suicide completion in major depressive disorder: a psychological autopsy study},
  author={McGirr, Alexander and Renaud, Johanne and Seguin, Monique and Alda, Martin and Benkelfat, Chawki and Lesage, Alain and Turecki, Gustavo},
  journal={Journal of affective disorders},
  volume={97},
  number={1-3},
  pages={203--209},
  year={2007},
  publisher={Elsevier}
}
@article{hawton2013risk,
  title={Risk factors for suicide in individuals with depression: a systematic review},
  author={Hawton, Keith and i Comabella, Carolina Casa{\~n}as and Haw, Camilla and Saunders, Kate},
  journal={Journal of affective disorders},
  volume={147},
  number={1-3},
  pages={17--28},
  year={2013},
  publisher={Elsevier}
}
@article{he2022deep,
  title={Deep learning for depression recognition with audiovisual cues: A review},
  author={He, Lang and Niu, Mingyue and Tiwari, Prayag and Marttinen, Pekka and Su, Rui and Jiang, Jiewei and Guo, Chenguang and Wang, Hongyu and Ding, Songtao and Wang, Zhongmin and others},
  journal={Information Fusion},
  volume={80},
  pages={56--86},
  year={2022},
  publisher={Elsevier}
}
@article{ye2021multi,
  title={Multi-modal depression detection based on emotional audio and evaluation text},
  author={Ye, Jiayu and Yu, Yanhong and Wang, Qingxiang and Li, Wentao and Liang, Hu and Zheng, Yunshao and Fu, Gang},
  journal={Journal of Affective Disorders},
  volume={295},
  pages={904--913},
  year={2021},
  publisher={Elsevier}
}

@article{martinengo2019suicide,
  title={Suicide prevention and depression appsâ€™ suicide risk assessment and management: a systematic assessment of adherence to clinical guidelines},
  author={Martinengo, Laura and Van Galen, Louise and Lum, Elaine and Kowalski, Martin and Subramaniam, Mythily and Car, Josip},
  journal={BMC medicine},
  volume={17},
  number={1},
  pages={1--12},
  year={2019},
  publisher={BioMed Central}
}

@article{zheng2020development,
  title={Development of an early-warning system for high-risk patients for suicide attempt using deep learning and electronic health records},
  author={Zheng, Le and Wang, Oliver and Hao, Shiying and Ye, Chengyin and Liu, Modi and Xia, Minjie and Sabo, Alex N and Markovic, Liliana and Stearns, Frank and Kanov, Laura and others},
  journal={Translational psychiatry},
  volume={10},
  number={1},
  pages={72},
  year={2020},
  publisher={Nature Publishing Group UK London}
}

@inproceedings{mann2020see,
  title={See and read: detecting depression symptoms in higher education students using multimodal social media data},
  author={Mann, Paulo and Paes, Aline and Matsushima, Elton H},
  booktitle={Proceedings of the International AAAI Conference on Web and social media},
  volume={14},
  pages={440--451},
  year={2020}
}

@article{tadesse2019detection,
  title={Detection of depression-related posts in reddit social media forum},
  author={Tadesse, Michael M and Lin, Hongfei and Xu, Bo and Yang, Liang},
  journal={IEEE Access},
  volume={7},
  pages={44883--44893},
  year={2019},
  publisher={IEEE}
}

@inproceedings{rissola2020dataset,
  title={A dataset for research on depression in social media},
  author={R{\'\i}ssola, Esteban A and Bahrainian, Seyed Ali and Crestani, Fabio},
  booktitle={Proceedings of the 28th ACM conference on user modeling, adaptation and personalization},
  pages={338--342},
  year={2020}
}

@inproceedings{macavaney2021community,
  title={Community-level research on suicidality prediction in a secure environment: Overview of the CLPsych 2021 shared task},
  author={MacAvaney, Sean and Mittu, Anjali and Coppersmith, Glen and Leintz, Jeff and Resnik, Philip},
  booktitle={Proceedings of the Seventh Workshop on Computational Linguistics and Clinical Psychology: Improving Access},
  pages={70--80},
  year={2021}
}

@inproceedings{shing2018expert,
  title={Expert, crowdsourced, and machine assessment of suicide risk via online postings},
  author={Shing, Han-Chin and Nair, Suraj and Zirikly, Ayah and Friedenberg, Meir and Daum{\'e} III, Hal and Resnik, Philip},
  booktitle={Proceedings of the fifth workshop on computational linguistics and clinical psychology: from keyboard to clinic},
  pages={25--36},
  year={2018}
}
@inproceedings{gaur2019knowledge,
  title={Knowledge-aware assessment of severity of suicide risk for early intervention},
  author={Gaur, Manas and Alambo, Amanuel and Sain, Joy Prakash and Kursuncu, Ugur and Thirunarayan, Krishnaprasad and Kavuluru, Ramakanth and Sheth, Amit and Welton, Randy and Pathak, Jyotishman},
  booktitle={The world wide web conference},
  pages={514--525},
  year={2019}
}
@article{lopez2022exploring,
  title={Exploring the Risk of Suicide in Real Time on Spanish Twitter: Observational Study},
  author={L{\'o}pez-Del-Hoyo, Yolanda and Cerbuna, Pedro},
  journal={JMIR Public Health and Surveillance},
  volume={8},
  number={5},
  year={2022}
}
@article{pennebaker2001linguistic,
  title={Linguistic inquiry and word count: LIWC 2001},
  author={Pennebaker, James W and Francis, Martha E and Booth, Roger J},
  journal={Mahway: Lawrence Erlbaum Associates},
  volume={71},
  number={2001},
  pages={2001},
  year={2001}
}
@article{beck2000weisman,
  title={weisman A},
  author={Beck, A and Kovacs, M},
  journal={Handbook ofpsychiatric measures: Beck Scale for Suicide Ideation. American Psychiatric Association},
  year={2000}
}
@article{havigerova2019text,
  title={Text-based detection of the risk of depression},
  author={Havigerov{\'a}, Jana M and Haviger, Ji{\v{r}}{\'\i} and Ku{\v{c}}era, Dalibor and Hoffmannov{\'a}, Petra},
  journal={Frontiers in psychology},
  volume={10},
  pages={513},
  year={2019},
  publisher={Frontiers Media SA}
}
@article{joiner1997modified,
  title={The Modified Scale for Suicidal Ideation: Factors of suicidality and their relation to clinical and diagnostic variables.},
  author={Joiner Jr, Thomas E and Rudd, M David and Rajab, M Hasan},
  journal={Journal of abnormal psychology},
  volume={106},
  number={2},
  pages={260},
  year={1997},
  publisher={American Psychological Association}
}
@article{beck1961inventory,
  title={An inventory for measuring depression},
  author={Beck, Aaron T and Ward, Calvin H and Mendelson, Mock and Mock, Jeremiah and Erbaugh, John},
  journal={Archives of general psychiatry},
  volume={4},
  number={6},
  pages={561--571},
  year={1961},
  publisher={American Medical Association}
}
@article{kroenke2001phq,
  title={The PHQ-9: validity of a brief depression severity measure},
  author={Kroenke, Kurt and Spitzer, Robert L and Williams, Janet BW},
  journal={Journal of general internal medicine},
  volume={16},
  number={9},
  pages={606--613},
  year={2001},
  publisher={Wiley Online Library}
}
@article{tolentino2018dsm,
  title={DSM-5 criteria and depression severity: implications for clinical practice},
  author={Tolentino, Julio C and Schmidt, Sergio L},
  journal={Frontiers in psychiatry},
  volume={9},
  pages={450},
  year={2018},
  publisher={Frontiers Media SA}
}
@article{kliem2017german,
  title={German Beck Scale for Suicide Ideation (BSS): psychometric properties from a representative population survey},
  author={Kliem, S{\"o}ren and Lohmann, Anna and M{\"o}{\ss}le, Thomas and Br{\"a}hler, Elmar},
  journal={BMC psychiatry},
  volume={17},
  number={1},
  pages={1--8},
  year={2017},
  publisher={BioMed Central}
}
@article{eke2010hamilton,
  title={A structured interview guide for the Hamilton Depression Rating Scale},
  author={Williams, Janet BW},
  journal={Archives of general psychiatry},
  volume={45},
  number={8},
  pages={742--747},
  year={1988},
  publisher={American Medical Association}
}
@article{shen2020detecting,
  title={Detecting risk of suicide attempts among Chinese medical college students using a machine learning algorithm},
  author={Shen, Yanmei and Zhang, Wenyu and Chan, Bella Siu Man and Zhang, Yaru and Meng, Fanchao and Kennon, Elizabeth A and Wu, Hanjing Emily and Luo, Xuerong and Zhang, Xiangyang},
  journal={Journal of affective disorders},
  volume={273},
  pages={18--23},
  year={2020},
  publisher={Elsevier}
}
@article{radloff1977ces,
  title={The CES-D scale: A self-report depression scale for research in the general population},
  author={Radloff, Lenore Sawyer},
  journal={Applied psychological measurement},
  volume={1},
  number={3},
  pages={385--401},
  year={1977},
  publisher={Sage Publications Sage CA: Thousand Oaks, CA}
}
@article{whooley2014diagnostic,
  title={Diagnostic and statistical manual of mental disorders (DSM)},
  author={Whooley, Owen},
  journal={The Wiley Blackwell Encyclopedia of Health, Illness, Behavior, and Society},
  pages={381--384},
  year={2014},
  publisher={Wiley Online Library}
}
@article{vuorilehto2006suicidal,
  title={Suicidal behaviour among primary-care patients with depressive disorders},
  author={Vuorilehto, MS and Melartin, Tarja K and Isomets{\"a}, ET},
  journal={Psychological Medicine},
  volume={36},
  number={2},
  pages={203--210},
  year={2006},
  publisher={Cambridge University Press}
}
@article{posner2011columbia,
  title={The Columbia--Suicide Severity Rating Scale: initial validity and internal consistency findings from three multisite studies with adolescents and adults},
  author={Posner, Kelly and Brown, Gregory K and Stanley, Barbara and Brent, David A and Yershova, Kseniya V and Oquendo, Maria A and Currier, Glenn W and Melvin, Glenn A and Greenhill, Laurence and Shen, Sa and others},
  journal={American journal of psychiatry},
  volume={168},
  number={12},
  pages={1266--1277},
  year={2011},
  publisher={Am Psychiatric Assoc}
}
@article{vuorilehto2014method,
  title={Method of assessment determines prevalence of suicidal ideation among patients with depression},
  author={Vuorilehto, M and Valtonen, HM and Melartin, T and Sokero, P and Suominen, K and Isomets{\"a}, ET},
  journal={European Psychiatry},
  volume={29},
  number={6},
  pages={338--344},
  year={2014},
  publisher={Cambridge University Press}
}
@article{li2022association,
  title={The association of abuse and depression with suicidal ideation in Chinese adolescents: a network analysis},
  author={Li, Kuiliang and Zhan, Xiaoqing and Ren, Lei and Liu, Nan and Zhang, Lei and Li, Ling and Chen, Ting and Feng, Zhengzhi and Luo, Xi},
  journal={Frontiers in psychiatry},
  volume={13},
  year={2022},
  publisher={Frontiers Media SA}
}
@inproceedings{shen2017depression,
  title={Depression detection via harvesting social media: A multimodal dictionary learning solution.},
  author={Shen, Guangyao and Jia, Jia and Nie, Liqiang and Feng, Fuli and Zhang, Cunjun and Hu, Tianrui and Chua, Tat-Seng and Zhu, Wenwu and others},
  booktitle={IJCAI},
  pages={3838--3844},
  year={2017}
}
@article{castillo2020suicide,
  title={Suicide risk assessment using machine learning and social networks: a scoping review},
  author={Castillo-S{\'a}nchez, Gema and Marques, Gon{\c{c}}alo and Dorronzoro, Enrique and Rivera-Romero, Octavio and Franco-Mart{\'\i}n, Manuel and De la Torre-D{\'\i}ez, Isabel},
  journal={Journal of medical systems},
  volume={44},
  number={12},
  pages={205},
  year={2020},
  publisher={Springer}
}
@article{chancellor2020methods,
  title={Methods in predictive techniques for mental health status on social media: a critical review},
  author={Chancellor, Stevie and De Choudhury, Munmun},
  journal={NPJ digital medicine},
  volume={3},
  number={1},
  pages={43},
  year={2020},
  publisher={Nature Publishing Group UK London}
}
@article{zhang2022natural,
  title={Natural language processing applied to mental illness detection: a narrative review},
  author={Zhang, Tianlin and Schoene, Annika M and Ji, Shaoxiong and Ananiadou, Sophia},
  journal={NPJ digital medicine},
  volume={5},
  number={1},
  pages={46},
  year={2022},
  publisher={Nature Publishing Group UK London}
}
@article{malhotra2022deep,
  title={Deep learning techniques for suicide and depression detection from online social media: A scoping review},
  author={Malhotra, Anshu and Jindal, Rajni},
  journal={Applied Soft Computing},
  pages={109713},
  year={2022},
  publisher={Elsevier}
}
@article{aldhyani2022detecting,
  title={Detecting and analyzing suicidal ideation on social media using deep learning and machine learning models},
  author={Aldhyani, Theyazn HH and Alsubari, Saleh Nagi and Alshebami, Ali Saleh and Alkahtani, Hasan and Ahmed, Zeyad AT},
  journal={International journal of environmental research and public health},
  volume={19},
  number={19},
  pages={12635},
  year={2022},
  publisher={MDPI}
}
@article{wang2020depression,
  title={Depression risk prediction for Chinese microblogs via deep-learning methods: content analysis},
  author={Wang, Xiaofeng and Chen, Shuai and Li, Tao and Li, Wanting and Zhou, Yejie and Zheng, Jie and Chen, Qingcai and Yan, Jun and Tang, Buzhou and others},
  journal={JMIR medical informatics},
  volume={8},
  number={7},
  pages={e17958},
  year={2020},
  publisher={JMIR Publications Inc., Toronto, Canada}
}
@article{shetty2020predicting,
  title={Predicting depression using deep learning and ensemble algorithms on raw twitter data},
  author={Shetty, Nisha P and Muniyal, Balachandra and Anand, Arshia and Kumar, Sushant and Prabhu, Sushant},
  journal={International Journal of Electrical and Computer Engineering},
  volume={10},
  number={4},
  pages={3751},
  year={2020},
  publisher={Institute of Advanced Engineering and Science (IAES)}
}

@inproceedings{zogan2021depressionnet,
  title={Depressionnet: learning multi-modalities with user post summarization for depression detection on social media},
  author={Zogan, Hamad and Razzak, Imran and Jameel, Shoaib and Xu, Guandong},
  booktitle={proceedings of the 44th international ACM SIGIR conference on research and development in information retrieval},
  pages={133--142},
  year={2021}
}
@inproceedings{burnap2015machine,
  title={Machine classification and analysis of suicide-related communication on twitter},
  author={Burnap, Pete and Colombo, Walter and Scourfield, Jonathan},
  booktitle={Proceedings of the 26th ACM conference on hypertext \& social media},
  pages={75--84},
  year={2015}
}
@article{xu2016contribution,
  title={The contribution of lifestyle factors to depressive symptoms: A cross-sectional study in Chinese college students},
  author={Xu, Ying and Qi, Juan and Yang, Yi and Wen, Xiaozhong},
  journal={Psychiatry research},
  volume={245},
  pages={243--249},
  year={2016},
  publisher={Elsevier}
}
@inproceedings{de2013predicting,
  title={Predicting depression via social media},
  author={De Choudhury, Munmun and Gamon, Michael and Counts, Scott and Horvitz, Eric},
  booktitle={Proceedings of the international AAAI conference on web and social media},
  volume={7},
  number={1},
  pages={128--137},
  year={2013}
}
@inproceedings{park2013perception,
  title={Perception differences between the depressed and non-depressed users in twitter},
  author={Park, Minsu and McDonald, David and Cha, Meeyoung},
  booktitle={Proceedings of the international AAAI conference on web and social media},
  volume={7},
  number={1},
  pages={476--485},
  year={2013}
}


